@article{Bernardy2017LinearHaskell,
   title={Linear Haskell: practical linearity in a higher-order polymorphic language},
   volume={2},
   ISSN={2475-1421},
   url={http://dx.doi.org/10.1145/3158093},
   DOI={10.1145/3158093},
   number={POPL},
   journal={Proceedings of the ACM on Programming Languages},
   publisher={Association for Computing Machinery (ACM)},
   author={Bernardy, Jean-Philippe and Boespflug, Mathieu and Newton, Ryan R. and Peyton Jones, Simon and Spiwack, Arnaud},
   year={2017},
   month=dec, pages={1-29}
}

@inproceedings{Benton1994LinearNonLinear,
author = {Benton, P. N.},
title = {A Mixed Linear and Non-Linear Logic: Proofs, Terms and Models (Extended Abstract)},
year = {1994},
isbn = {3540600175},
publisher = {Springer-Verlag},
address = {Berlin, Heidelberg},
booktitle = {Selected Papers from the 8th International Workshop on Computer Science Logic},
pages = {121â€“135},
numpages = {15},
series = {CSL '94}
}